@book{o2006uncertain,
  title={Uncertain judgements: eliciting experts' probabilities},
  author={O'Hagan, Anthony and Buck, Caitlin E and Daneshkhah, Alireza and Eiser, J Richard and Garthwaite, Paul H and Jenkinson, David J and Oakley, Jeremy E and Rakow, Tim},
  year={2006},
  publisher={John Wiley \& Sons}
}

@book{smith2010bayesian,
  title={Bayesian decision analysis: principles and practice},
  author={Smith, Jim Q},
  year={2010},
  publisher={Cambridge University Press}
}

@article{clemen1999combining,
  title={Combining probability distributions from experts in risk analysis},
  author={Clemen, Robert T and Winkler, Robert L},
  journal={Risk analysis},
  volume={19},
  number={2},
  pages={187--203},
  year={1999},
  publisher={Springer}
}

@book{smith2010bayesian,
  title={Bayesian decision analysis: principles and practice},
  author={Smith, Jim Q},
  year={2010},
  publisher={Cambridge University Press}
}

@article{smith1995bayesian,
  title={Bayesian approaches to random-effects meta-analysis: a comparative study},
  author={Smith, Teresa C and Spiegelhalter, David J and Thomas, Andrew},
  journal={Statistics in medicine},
  volume={14},
  number={24},
  pages={2685--2699},
  year={1995},
  publisher={Wiley Online Library}
}

@article{fleiss1993review,
  title={Review papers: The statistical basis of meta-analysis},
  author={Fleiss, JL},
  journal={Statistical methods in medical research},
  volume={2},
  number={2},
  pages={121--145},
  year={1993},
  publisher={Sage Publications Sage CA: Thousand Oaks, CA}
}

@article{kennedy2001bayesian,
  title={Bayesian calibration of computer models},
  author={Kennedy, Marc C and O'Hagan, Anthony},
  journal={Journal of the Royal Statistical Society: Series B (Statistical Methodology)},
  volume={63},
  number={3},
  pages={425--464},
  year={2001},
  publisher={Wiley Online Library}
}

@article{poole2000inference,
  title={Inference for deterministic simulation models: the Bayesian melding approach},
  author={Poole, David and Raftery, Adrian E},
  journal={Journal of the American Statistical Association},
  volume={95},
  number={452},
  pages={1244--1255},
  year={2000},
  publisher={Taylor \& Francis Group}
}

@article{lindsten2017divide,
  title={Divide-and-conquer with sequential Monte Carlo},
  author={Lindsten, Fredrik and Johansen, Adam M and Naesseth, Christian A and Kirkpatrick, Bonnie and Sch{\"o}n, Thomas B and Aston, JAD and Bouchard-C{\^o}t{\'e}, Alexandre},
  journal={Journal of Computational and Graphical Statistics},
  volume={26},
  number={2},
  pages={445--458},
  year={2017},
  publisher={Taylor \& Francis}
}

@book{bishop2006pattern,
  title={Pattern recognition and machine learning},
  author={Bishop, Christopher M},
  year={2006},
  publisher={springer}
}

@article{goudie2019joining,
  title={Joining and splitting models with Markov melding},
  author={Goudie, Robert JB and Presanis, Anne M and Lunn, David and De Angelis, Daniela and Wernisch, Lorenz},
  journal={Bayesian analysis},
  volume={14},
  number={1},
  pages={81},
  year={2019},
  publisher={Europe PMC Funders}
}

@article{ribeiro2007geor,
  title={The geoR package},
  author={Ribeiro Jr, Paulo J and Diggle, Peter J and Ribeiro Jr, Maintainer Paulo J and Suggests, MASS},
  journal={R news},
  volume={1},
  number={2},
  pages={14--18},
  year={2007}
}
