@book{o2006uncertain,
  title={Uncertain judgements: eliciting experts' probabilities},
  author={O'Hagan, Anthony and Buck, Caitlin E and Daneshkhah, Alireza and Eiser, J Richard and Garthwaite, Paul H and Jenkinson, David J and Oakley, Jeremy E and Rakow, Tim},
  year={2006},
  publisher={John Wiley \& Sons}
}

@article{clemen1999combining,
  title={Combining Probability Distributions from Experts in Risk Analysis},
  author={Clemen, Robert T and Winkler, Robert L},
  journal={Risk analysis},
  volume={19},
  number={2},
  pages={187--203},
  year={1999},
  publisher={Springer}
}

@article{smith1995bayesian,
  title={Bayesian approaches to random-effects meta-analysis: a comparative study},
  author={Smith, Teresa and Spiegelhalter, David J and Thomas, Andrew},
  journal={Statistics in medicine},
  volume={14},
  number={24},
  pages={2685--2699},
  year={1995},
  publisher={Wiley Online Library}
}

@article{fleiss1993review,
  title={Review papers: The statistical basis of meta-analysis},
  author={Fleiss, JL},
  journal={Statistical methods in medical research},
  volume={2},
  number={2},
  pages={121--145},
  year={1993},
  publisher={Sage Publications Sage CA: Thousand Oaks, CA}
}

@article{kennedy2001bayesian,
  title={Bayesian calibration of computer models},
  author={Kennedy, Marc C and O'Hagan, Anthony},
  journal={Journal of the Royal Statistical Society: Series B (Statistical Methodology)},
  volume={63},
  number={3},
  pages={425--464},
  year={2001},
  publisher={Wiley Online Library}
}

@article{poole2000inference,
  title={Inference for deterministic simulation models: the Bayesian melding approach},
  author={Poole, David and Raftery, Adrian E},
  journal={Journal of the American Statistical Association},
  volume={95},
  number={452},
  pages={1244--1255},
  year={2000},
  publisher={Taylor \& Francis Group}
}

@article{lindsten2017divide,
  title={Divide-and-conquer with sequential Monte Carlo},
  author={Lindsten, Fredrik and Johansen, Adam M and Naesseth, Christian A and Kirkpatrick, Bonnie and Sch{\"o}n, Thomas B and Aston, JAD and Bouchard-C{\^o}t{\'e}, Alexandre},
  journal={Journal of Computational and Graphical Statistics},
  volume={26},
  number={2},
  pages={445--458},
  year={2017},
  publisher={Taylor \& Francis}
}

@book{bishop2006pattern,
  title={Pattern recognition and machine learning},
  author={Bishop, Christopher M},
  year={2006},
  publisher={Springer}
}

@article{goudie2019joining,
  title={Joining and splitting models with Markov melding},
  author={Goudie, Robert JB and Presanis, Anne M and Lunn, David and De Angelis, Daniela and Wernisch, Lorenz},
  journal={Bayesian analysis},
  volume={14},
  number={1},
  pages={81},
  year={2019},
  publisher={Europe PMC Funders}
}

@article{dawid1993hyper,
  title={Hyper Markov laws in the statistical analysis of decomposable graphical models},
  author={Dawid, A Philip and Lauritzen, Steffen L},
  journal={The Annals of Statistics},
  volume={21},
  number={3},
  pages={1272--1317},
  year={1993},
  publisher={Institute of Mathematical Statistics}
}

@article{massa2010combining,
  title={Combining statistical models},
  author={Massa, M Sofia and Lauritzen, Steffen L},
  journal={Contemporary Mathematics: Algebraic Methods in Statistics and Probability II},
  pages={239--260},
  year={2010}
}

@article{raftery1995inference,
  title={Inference from a deterministic population dynamics model for bowhead whales},
  author={Raftery, Adrian E and Givens, Geof H and Zeh, Judith E},
  journal={Journal of the American Statistical Association},
  volume={90},
  number={430},
  pages={402--416},
  year={1995},
  publisher={Taylor \& Francis Group}
}

@article{wolpert1995inference,
  title={Inference from a deterministic population dynamics model for Bowhead Whales: Comment},
  author={Wolpert, Robert L},
  journal={Journal of the American Statistical Association},
  volume={90},
  number={430},
  pages={426--427},
  year={1995},
  publisher={JSTOR}
}

@article{genest1986characterization,
  title={Characterization of externally Bayesian pooling operators},
  author={Genest, Christian and McConway, Kevin J and Schervish, Mark J and others},
  journal={The Annals of Statistics},
  volume={14},
  number={2},
  pages={487--501},
  year={1986},
  publisher={Institute of Mathematical Statistics}
}

@techreport{madansky1964externally,
  title={Externally bayesian groups},
  author={Madansky, Albert},
  year={1964},
  institution={RAND CORP SANTA MONICA CALIF}
}

@article{french2011aggregating,
  title={Aggregating expert judgement},
  author={French, Simon},
  journal={Revista de la Real Academia de Ciencias Exactas, Fisicas y Naturales. Serie A. Matematicas},
  volume={105},
  number={1},
  pages={181--206},
  year={2011},
  publisher={Springer}
}

@article{doucet2000sequential,
  title={On sequential Monte Carlo sampling methods for Bayesian filtering},
  author={Doucet, Arnaud and Godsill, Simon and Andrieu, Christophe},
  journal={Statistics and computing},
  volume={10},
  number={3},
  pages={197--208},
  year={2000},
  publisher={Springer}
}

@article{doucet2009tutorial,
  title={A tutorial on particle filtering and smoothing: Fifteen years later},
  author={Doucet, Arnaud and Johansen, Adam M},
  journal={Handbook of nonlinear filtering},
  volume={12},
  number={656-704},
  pages={3},
  year={2009}
}

@article{del2006sequential,
  title={Sequential monte carlo samplers},
  author={Del Moral, Pierre and Doucet, Arnaud and Jasra, Ajay},
  journal={Journal of the Royal Statistical Society: Series B (Statistical Methodology)},
  volume={68},
  number={3},
  pages={411--436},
  year={2006},
  publisher={Wiley Online Library}
}

@article{liu1996metropolized,
  title={Metropolized independent sampling with comparisons to rejection sampling and importance sampling},
  author={Liu, Jun S},
  journal={Statistics and computing},
  volume={6},
  number={2},
  pages={113--119},
  year={1996},
  publisher={Springer}
}

@article{metropolis1953equation,
  title={Equation of state calculations by fast computing machines},
  author={Metropolis, Nicholas and Rosenbluth, Arianna W and Rosenbluth, Marshall N and Teller, Augusta H and Teller, Edward},
  journal={The journal of chemical physics},
  volume={21},
  number={6},
  pages={1087--1092},
  year={1953},
  publisher={AIP}
}

@article{turchin1971computation,
  title={On the computation of multidimensional integrals by the monte-carlo method},
  author={Turchin, Valentin F},
  journal={Theory of Probability \& Its Applications},
  volume={16},
  number={4},
  pages={720--724},
  year={1971},
  publisher={SIAM}
}

@incollection{geman1987stochastic,
  title={{Stochastic relaxation, Gibbs distributions, and the Bayesian restoration of images}},
  author={Geman, Stuart and Geman, Donald},
  booktitle={Readings in computer vision},
  pages={564--584},
  year={1987},
  publisher={Elsevier}
}

@article{muller1991generic,
  title={{A generic approach to posterior integration and Gibbs sampling}},
  author={Muller, Peter},
  journal={Technical Report},
  pages={91--09},
  year={1991}
}

@article{flegal2010batch,
  title={Batch means and spectral variance estimators in Markov chain Monte Carlo},
  author={Flegal, James M and Jones, Galin L and others},
  journal={The Annals of Statistics},
  volume={38},
  number={2},
  pages={1034--1070},
  year={2010},
  publisher={Institute of Mathematical Statistics}
}

@article{neal2006optimal,
  title={{Optimal scaling for partially updating MCMC algorithms}},
  author={Neal, Peter and Roberts, Gareth},
  journal={The Annals of Applied Probability},
  volume={16},
  number={2},
  pages={475--515},
  year={2006},
  publisher={Institute of Mathematical Statistics}
}

@article{presanis2014synthesising,
  title={{Synthesising evidence to estimate pandemic (2009) A/H1N1 influenza severity in 2009-2011}},
  author={Presanis, Anne M and Pebody, Richard G and Birrell, Paul J and Tom, Brian DM and Green, Helen K and Durnall, Hayley and Fleming, Douglas and De Angelis, Daniela and others},
  journal={The Annals of Applied Statistics},
  volume={8},
  number={4},
  pages={2378--2403},
  year={2014},
  publisher={Institute of Mathematical Statistics}
}

@article{scott2016bayes,
  title={Bayes and big data: The consensus Monte Carlo algorithm},
  author={Scott, Steven L and Blocker, Alexander W and Bonassi, Fernando V and Chipman, Hugh A and George, Edward I and McCulloch, Robert E},
  journal={International Journal of Management Science and Engineering Management},
  volume={11},
  number={2},
  pages={78--88},
  year={2016},
  publisher={Taylor \& Francis}
}

@article{hinton2002training,
  title={Training products of experts by minimizing contrastive divergence},
  author={Hinton, Geoffrey E},
  journal={Neural computation},
  volume={14},
  number={8},
  pages={1771--1800},
  year={2002},
  publisher={MIT Press}
}

@article{hastings1970monte,
  title={Monte Carlo sampling methods using Markov chains and their applications},
  author={Hastings, W Keith},
  year={1970},
  publisher={Oxford University Press}
}

@article{roberts2001optimal,
  title={Optimal scaling for various Metropolis-Hastings algorithms},
  author={Roberts, Gareth and Rosenthal, Jeffrey S and others},
  journal={Statistical science},
  volume={16},
  number={4},
  pages={351--367},
  year={2001},
  publisher={Institute of Mathematical Statistics}
}

@article{roberts1997weak,
title={Weak convergence and optimal scaling of random walk Metropolis algorithms},
  author={Roberts, Gareth and Gelman, Andrew and Gilks, Walter R},
  journal={The annals of applied probability},
  volume={7},
  number={1},
  pages={110--120},
  year={1997},
  publisher={Institute of Mathematical Statistics}
}

@article{schweder1996bayesian,
  title={Bayesian synthesis or Likelihood Synthesis - What does Borel's Paradox say?},
  author={Schweder, Tore and Hjort, Nils Lid},
  journal={Preprint series. Statistical Research Report},
  year={1996},
  publisher={Matematisk Institutt, Universitetet i Oslo}
}

@article{kong1992note,
  title={A note on importance sampling using standardized weights},
  author={Kong, Augustine},
  journal={University of Chicago, Dept. of Statistics, Tech. Rep},
  volume={348},
  year={1992}
}

@article{ashby2000evidence,
  title={Evidence-based medicine as Bayesian decision-making},
  author={Ashby, Deborah and Smith, Adrian FM},
  journal={Statistics in medicine},
  volume={19},
  number={23},
  pages={3291--3305},
  year={2000},
  publisher={Wiley Online Library}
}

@book{welton2012evidence,
  title={Evidence synthesis for decision making in healthcare},
  author={Welton, Nicky and Sutton, Alexander J and Cooper, Nicola and Abrams, Keith R and Ades, AE},
  volume={132},
  year={2012},
  publisher={John Wiley \& Sons}
}

@book{spiegelhalter2004bayesian,
  title={Bayesian approaches to clinical trials and health-care evaluation},
  author={Spiegelhalter, David J and Abrams, Keith R and Myles, Jonathan P},
  volume={13},
  year={2004},
  publisher={John Wiley \& Sons}
}

@report{royal,
  title={Evidence synthesis for policy: a statement of principles},
  author={{Royal Society, Academy of Medical Sciences}},
  year={2018},
  url={https://royalsociety.org/-/media/policy/projects/evidence-synthesis/evidence-synthesis-statement-principles.pdf},
  note = {Online; accessed 30-August-2019}
}

@article{lunn2013fully,
  title={Fully Bayesian hierarchical modelling in two stages, with application to meta-analysis},
  author={Lunn, David and Barrett, Jessica and Sweeting, Michael and Thompson, Simon},
  journal={Journal of the Royal Statistical Society: Series C (Applied Statistics)},
  volume={62},
  number={4},
  pages={551--572},
  year={2013},
  publisher={Wiley Online Library}
}

@Book{bookdown,
  title = {{bookdown: Authoring Books and Technical Documents with R Markdown}},
  author = {Yihui Xie},
  publisher = {Chapman and Hall/CRC},
  address = {Boca Raton, Florida},
  year = {2016},
  note = {ISBN 978-1138700109},
  url = {https://github.com/rstudio/bookdown},
}

@Book{ggplot2,
  author = {Hadley Wickham},
  title = {{ggplot2: Elegant Graphics for Data Analysis}},
  publisher = {Springer-Verlag New York},
  year = {2016},
  isbn = {978-3-319-24277-4},
  url = {https://ggplot2.tidyverse.org},
}

@Manual{r,
  title = {R: A Language and Environment for Statistical Computing},
  author = {{R Core Team}},
  organization = {R Foundation for Statistical Computing},
  address = {Vienna, Austria},
  year = {2018},
  url = {https://www.R-project.org/},
}

@article{ades2002markov,
  title={Markov chain Monte Carlo estimation of a multiparameter decision model: consistency of evidence and the accurate assessment of uncertainty},
  author={Ades, AE and Cliffe, S},
  journal={Medical Decision Making},
  volume={22},
  number={4},
  pages={359--371},
  year={2002},
  publisher={Sage Publications Sage CA: Thousand Oaks, CA}
}

@book{gilks1995markov,
  title={Markov chain Monte Carlo in practice},
  author={Gilks, Walter R and Richardson, Sylvia and Spiegelhalter, David},
  year={1995},
  publisher={Chapman and Hall/CRC}
}

@article{hickman2013multiple,
  title={Multiple parameter evidence synthesis-a potential solution for when information on drug use and harm is in conflict},
  author={Hickman, Matthew and De Angelis, Daniela and Jones, Hayley and Harris, Ross and Welton, Nicky and Ades, AE},
  journal={Addiction},
  volume={108},
  number={9},
  pages={1529--1531},
  year={2013},
  publisher={Wiley Online Library}
}

@misc{phe,
  author = {{Public Health England}},
  title = {HIV: overall prevalence},
  year = {2008},
  url = {https://www.gov.uk/guidance/hiv-overall-prevalence},
  note = {Online; accessed 30-August-2019}
}

@book{pearl2014probabilistic,
  title={Probabilistic reasoning in intelligent systems: networks of plausible inference},
  author={Pearl, Judea},
  year={2014},
  publisher={Elsevier}
}

@Manual{mcmcse,
  title = {{mcmcse: Monte Carlo Standard Errors for MCMC}},
  author = {James M. Flegal and John Hughes and Dootika Vats and Ning Dai},
  year = {2017},
  address = {Riverside, CA, Denver, CO, Coventry, UK and Minneapolis, MN},
  note = {R package version 1.3-2},
}

@article{vats2015multivariate,
  title={Multivariate output analysis for Markov chain Monte Carlo},
  author={Vats, Dootika and Flegal, James M and Jones, Galin L},
  journal={arXiv preprint arXiv:1512.07713},
  year={2015}
}

@article{gelman1992inference,
  title={Inference from iterative simulation using multiple sequences},
  author={Gelman, Andrew and Rubin, Donald B},
  journal={Statistical science},
  volume={7},
  number={4},
  pages={457--472},
  year={1992},
  publisher={Institute of Mathematical Statistics}
}

@book{robert2013monte,
  title={Monte Carlo statistical methods},
  author={Robert, Christian and Casella, George},
  year={2013},
  publisher={Springer Science \& Business Media}
}

@book{bernardo2009bayesian,
  title={Bayesian theory},
  author={Bernardo, Jos{\'e} M and Smith, Adrian FM},
  volume={405},
  year={2009},
  publisher={John Wiley \& Sons}
}

@article{watson2016approximate,
  title={Approximate models and robust decisions},
  author={Watson, James and Holmes, Chris},
  journal={Statistical Science},
  volume={31},
  number={4},
  pages={465--489},
  year={2016},
  publisher={Institute of Mathematical Statistics}
}

@article{shah2018hardness,
  title={The hardness of conditional independence testing and the generalised covariance measure},
  author={Shah, Rajen D and Peters, Jonas},
  journal={arXiv preprint arXiv:1804.07203},
  year={2018}
}

@article{jacob2017better,
  title={Better together? Statistical learning in models made of modules},
  author={Jacob, Pierre E and Murray, Lawrence M and Holmes, Chris C and Robert, Christian P},
  journal={arXiv preprint arXiv:1708.08719},
  year={2017}
}
